@Book{Burden,
   author =     {Burden, Richard L. and Faires, J. Douglas},
   title =      {Numerical Analysis},
   edition =    {Ninth Edition},
   publisher =  {Brooks/Cole Publishing Company},
   year =       {2010},
   address =    {California}
 }
